% ------------------------ Smart Recycler Bibliography ----------------------- %
% Authors:
%   Ayrton Albuquerque
%   Ian D. A. Queros
%   Miguel Chagas
% ------------------------------------ END ----------------------------------- %

@misc{Senado,
  author  = {Yolanda Pires e Nelson Oliveira},
  title   = {Aumento da produção de lixo no Brasil requer ação coordenada entre governos e cooperativas de catadores},
  note    = {\url{https://www12.senado.leg.br/noticias/infomaterias/2021/06/aumento-da-producao-de-lixo-no-brasil-requer-acao-coordenada-entre-governos-e-cooperativas-de-catadores#:~:text=Segundo\%20dados\%20do\%20Panorama\%20dos,de\%201\%20kg\%20por\%20dia}.},
  journal = {Agência Senado}
} 

@misc{Poder360,
  author  = {Gabriella Soares},
  title   = {Reciclagem no Brasil atinge apenas 2,1\% de tudo que é coletado},
  note    = {\url{https://www.poder360.com.br/brasil/reciclagem-no-brasil-atinge-apenas-21-de-tudo-que-e-coletado/}.},
  journal = {Poder 360}
} 

@misc{ArduinoJson,
  author  = {Brian Lough},
  title   = {ArduinoJSON, The best JSON library for Arduino},
  note    = {\url{https://arduinojson.org/}.},
  journal = {ArduinoJSON}
}

@misc{evelta,
  author  = {Evelta Electronics},
  title   = {ESP32-cam camera module based on ESP32},
  note    = {\url{https://www.evelta.com/esp32-cam-camera-module-based-on-esp32}.},
  journal = {Evelta Electronics}
} 

@misc{arduino,
  author  = {Arduino Official Store},
  title   = {Arduino Mega 2560 REV3.},
  note    = {\url{http://store.arduino.cc/products/arduino-mega-2560-rev3}.},
  journal = {Arduino Official Store}
} 


@misc{servo,
  author  = {Eletronicos Caldas},
  title   = {MG996R High Torque - Metal Gear Dual Ball Bearing Servo.},
  note    = {\url{https://www.electronicoscaldas.com/datasheet/MG996R_Tower-Pro.pdf}.},
  journal = {electronicos caldas}
} 
@misc{ultrasonic,
  author  = {Powered by HAOYU Electronics},
  title   = {HC-SR04 Ultrasonic Sensor Distance Measuring Module.},
  note    = {\url{https://www.hotmcu.com/hcsr04-ultrasonic-sensor-distance-measuring-module-p-58.html}.},
  journal = {Powered by HAOYU Electronics}
}

@misc{irsensor,
  author  = {Filo Tronix},
  title   = {IR INFRARED OBSTACLE AVOIDANCE SENSOR MODULE},
  note    = {\url{https://www.filotronix.com/embedded/373-ir-infrared-obstacle-avoidance-sensor-module.html/}.},
  journal = {Filo Tronix}
}
@misc{oleddisplay,
  author  = {BestDualplus},
  title   = {1.6 "tft oled transflective display módulo 130*130 oled},
  note    = {\url{https://pt.bestdealplus.com/product/7853222/1-6-tft-ips-spi-oled-transflective-display-modulo-130-130-oled-display-lcd-diy-spi-porta-serial-comunicar-para-arduino/}.},
  journal = {BestDualplus}
}

@misc{vuejs,
  author  = {Evan You},
  title   = {VueJs, The Progressive JavaScript Framework},
  note    = {\url{https://vuejs.org/}.},
  journal = {VueJs}
}

@misc{python,
  author  = {Guido van Rossum},
  title   = {Python, a programming language},
  note    = {\url{https://www.python.org/}.},
  journal = {Python}
}

@misc{flask,
  author  = {Armin Ronacher},
  title   = {Flask, web development, one drop at a time},
  note    = {\url{https://palletsprojects.com/p/flask/}.},
  journal = {Flask}
}

@misc{postgre,
  author  = {Michael Stonebraker},
  title   = {PostgreSQL: The World's Most Advanced Open Source Relational Database},
  note    = {\url{https://www.postgresql.org/}.},
  journal = {PostgreSQL}
}

@misc{vott,
  author  = {Commercial Software Engineering (CSE) group at Microsoft},
  title   = {VoTT: An open source annotation and labeling tool for image and video assets},
  note    = {\url{https://github.com/microsoft/VoTT}.},
  journal = {VoTT}
}

@misc{keras,
  author  = {François Chollet},
  title   = {Keras: the Python deep learning API},
  note    = {\url{https://keras.io}.},
  journal = {Keras}
}

@misc{blog,
  author={Ayrton Albuquerque and Ian Queros and Miguel Chagas},
  title   = {Smart Recycler, a complete view},
  note    = {\url{https://freezing-gasosaurus-8fa.notion.site/Smart-Recycler-f8e2485b87874f88acfaa625e5c6725d}.},
  journal = {Notion}
}


@misc{tensorflow,
  author  = {Google Brain Team},
  title   = {TensorFlow is an end-to-end open source platform for machine learning},
  note    = {\url{https://www.tensorflow.org/}.},
  journal = {TensorFlow}
}

@misc{AutoCad,
  author  = {Commercial Software group at Autodesk},
  title   = {AutoCad: Software CAD 2D and 3D},
  note    = {\url{https://www.autodesk.com.br/products/autocad/overview?term=1-YEAR&tab=subscription}.},
  journal = {AutoCad}
}

@INPROCEEDINGS{imagenet,
  author={Deng, Jia and Dong, Wei and Socher, Richard and Li, Li-Jia and Kai Li and Li Fei-Fei},
  booktitle={2009 IEEE Conference on Computer Vision and Pattern Recognition}, 
  title={ImageNet: A large-scale hierarchical image database}, 
  year={2009},
  volume={},
  number={},
  pages={248-255},
  doi={10.1109/CVPR.2009.5206848}
}
